<?xml version="1.0" encoding="UTF-8"?>
<record xmlns="http://www.loc.gov/MARC21/slim" xmlns:xsi="http://www.w3.org/2001/XMLSchema-instance" xsi:schemaLocation="http://www.loc.gov/MARC21/slim http://www.loc.gov/standards/marcxml/schema/MARC21slim.xsd">
<leader>00000cam a22      a 4500</leader>
<controlfield tag="001">001567435</controlfield>
<controlfield tag="003">NNU</controlfield>
<controlfield tag="005">20151009173828.0</controlfield>
<controlfield tag="008">991111s1968    iq       b    000 0 arar</controlfield>
<datafield tag="010" ind1=" " ind2=" ">
<subfield code="a">   78961251</subfield>
</datafield>
<datafield tag="035" ind1=" " ind2=" ">
<subfield code="a">(OCoLC)862566028</subfield>
</datafield>
<datafield tag="040" ind1=" " ind2=" ">
<subfield code="a">DLC</subfield>
<subfield code="b">eng</subfield>
<subfield code="c">N15</subfield>
<subfield code="d">OCLCO</subfield>
<subfield code="d">OCLCF</subfield>
<subfield code="d">NNU</subfield>
</datafield>
<datafield tag="043" ind1=" " ind2=" ">
<subfield code="a">a-ye---</subfield>
</datafield>
<datafield tag="050" ind1=" " ind2="4">
<subfield code="a">DS247.A27</subfield>
<subfield code="b">A23 1968</subfield>
</datafield>
<datafield tag="100" ind1="1" ind2=" ">
<subfield code="6">880-01</subfield>
<subfield code="a">Abū Makhramah, al-Ṭayyib ibn ʻAbd Allāh,</subfield>
<subfield code="d">1465-1540.</subfield>
</datafield>
<datafield tag="240" ind1="1" ind2="0">
<subfield code="6">880-02</subfield>
<subfield code="a">Tārīkh thaghr ʻAdan</subfield>
</datafield>
<datafield tag="245" ind1="1" ind2="0">
<subfield code="6">880-03</subfield>
<subfield code="a">Tārīkh thaghr ʻAdan /</subfield>
<subfield code="c">taʼlīf Abī Muḥammad ʻAbd Allāh al-Ṭayyib ibn ʻAbd Allāh ibn Aḥmad Abī Makhramah ; maʻa nakhab min tawārīkh Ibn al-Mujāwīn wa-al-Jindi wa-al-Ahdal.</subfield>
</datafield>
<datafield tag="246" ind1="1" ind2="5">
<subfield code="a">Arabische texte zur Kenntnis der Stadt Aden im Mittlealter : Abū Maḫrama's Adengeschichte nebst einschlägigen Abschnitten aus den Werken von Ibn al-Muǧāwir, al-Ǧanadī und al-Ahdal</subfield>
</datafield>
<datafield tag="260" ind1=" " ind2=" ">
<subfield code="6">880-04</subfield>
<subfield code="a">Baghdād :</subfield>
<subfield code="b">Maktabat al-Muthanná,</subfield>
<subfield code="c">[1968?].</subfield>
</datafield>
<datafield tag="300" ind1=" " ind2=" ">
<subfield code="a">2 v. in 1 ;</subfield>
<subfield code="c">25 cm.</subfield>
</datafield>
<datafield tag="500" ind1=" " ind2=" ">
<subfield code="a">Reprint of the ed. prepared by Löfgren and published in Uppsala, 1936-1950.</subfield>
</datafield>
<datafield tag="504" ind1=" " ind2=" ">
<subfield code="a">Includes bibliographical references.</subfield>
</datafield>
<datafield tag="651" ind1=" " ind2="0">
<subfield code="a">Yemen, South</subfield>
<subfield code="x">History</subfield>
<subfield code="v">Early works to 1800.</subfield>
</datafield>
<datafield tag="651" ind1=" " ind2="7">
<subfield code="a">Yemen, South.</subfield>
<subfield code="2">fast</subfield>
<subfield code="0">(OCoLC)fst01864819</subfield>
</datafield>
<datafield tag="655" ind1=" " ind2="7">
<subfield code="a">Early works.</subfield>
<subfield code="2">fast</subfield>
<subfield code="0">(OCoLC)fst01411636</subfield>
</datafield>
<datafield tag="655" ind1=" " ind2="7">
<subfield code="a">History.</subfield>
<subfield code="2">fast</subfield>
<subfield code="0">(OCoLC)fst01411628</subfield>
</datafield>
<datafield tag="700" ind1="1" ind2=" ">
<subfield code="6">880-05</subfield>
<subfield code="a">Ibn al-Mujāwir, Yūsuf ibn Yaʻqūb,</subfield>
<subfield code="d">1204 or 1205-1291 or 1292.</subfield>
</datafield>
<datafield tag="700" ind1="1" ind2=" ">
<subfield code="6">880-06</subfield>
<subfield code="a">Janadī, Muḥammad ibn Yaʻqūb,</subfield>
<subfield code="d">-1332?</subfield>
</datafield>
<datafield tag="700" ind1="1" ind2=" ">
<subfield code="6">880-07</subfield>
<subfield code="a">ʻAbd al-Ḥamīd, ʻAlī Ḥasan ʻAlī.</subfield>
</datafield>
<datafield tag="700" ind1="1" ind2=" ">
<subfield code="6">880-08</subfield>
<subfield code="a">Ibn al-Ahdal, al-Ḥusayn ibn ʻAbd al-Raḥmān,</subfield>
<subfield code="d">-1451.</subfield>
</datafield>
<datafield tag="880" ind1="1" ind2=" ">
<subfield code="6">100-01/</subfield>
<subfield code="a">أبو مخرمة، الطيب بن عبد الله،</subfield>
<subfield code="d">1465-1540.</subfield>
</datafield>
<datafield tag="880" ind1="1" ind2="0">
<subfield code="6">240-02/</subfield>
<subfield code="a">تاريخ ثغر عدن</subfield>
</datafield>
<datafield tag="880" ind1="1" ind2="0">
<subfield code="6">245-03/</subfield>
<subfield code="a">تاريخ ثغر عدن /</subfield>
<subfield code="c">تأليف أبي محمد عبد الله الطيب بن عبد الله بن أحمد أبي مخرمة ؛ مع نخب من تواريخ ابن المجاور والجندي والاهدل.</subfield>
</datafield>
<datafield tag="880" ind1=" " ind2=" ">
<subfield code="6">260-04/</subfield>
<subfield code="a">بغداد :</subfield>
<subfield code="b">مكتبة المثنى،</subfield>
<subfield code="c">[1968?]</subfield>
</datafield>
<datafield tag="880" ind1="1" ind2=" ">
<subfield code="6">700-05/</subfield>
<subfield code="a">ابن المجاور، يوسف بن يعقوب،</subfield>
<subfield code="d">1204 or 1205-1291 or 1292.</subfield>
</datafield>
<datafield tag="880" ind1="1" ind2=" ">
<subfield code="6">700-06/</subfield>
<subfield code="a">جندي، محمد بن يعقوب،</subfield>
<subfield code="d">-1332?</subfield>
</datafield>
<datafield tag="880" ind1="1" ind2=" ">
<subfield code="6">700-07/</subfield>
<subfield code="a">عبد الحميد، علي حسن علي.</subfield>
</datafield>
<datafield tag="880" ind1="1" ind2=" ">
<subfield code="6">700-08/</subfield>
<subfield code="a">ابن الاهدل، الحسين بن عبد الرحمن،</subfield>
<subfield code="d">-1451.</subfield>
</datafield>
<datafield tag="OWN" ind1=" " ind2=" ">
<subfield code="a">GENERAL</subfield>
</datafield>
<datafield tag="AVA" ind1=" " ind2=" ">
<subfield code="a">NYU50</subfield>
<subfield code="b">BOBST</subfield>
<subfield code="c">Main Collection</subfield>
<subfield code="d">DS247.A27 A23</subfield>
<subfield code="e">unavailable</subfield>
<subfield code="t">Unavailable</subfield>
<subfield code="f">1</subfield>
<subfield code="g">1</subfield>
<subfield code="h">N</subfield>
<subfield code="i">0</subfield>
<subfield code="j">MAIN</subfield>
<subfield code="k">0</subfield>
</datafield>
</record>
